% Encoding: UTF-8

@misc{makingBusinessesMiserable,
	Author = {Mint Jutras},
	Keywords = {business, erp},
	Title = {ERP Implementation Survey Shows Real Facts About ERP Project Outcomes},
	Url = {https://ultraconsultants.com/wp-content/uploads/2021/02/Real-Facts-About-ERP-Implementation-final-rev-2.12.19.pdf},
	Year = {2019}}

@misc{15FreeERP,
	Author = {Elizabeth Quirk},
	Keywords = {business, erp, opensource, free},
	Title = {Top 15 Free and Open Source ERP Solutions},
	Url = {https://solutionsreview.com/enterprise-resource-planning/top-15-free-and-open-source-erp-solutions/},
	Year = {2019}}

@misc{oracleERP,
	Author = {Oracle},
	Keywords = {business, erp},
	Title = {Oracle Enterprise Resource Planning},
	Url = {https://www.oracle.com/es/erp/},
	Year = {2021}}

@misc{sapERP,
	Author = {SAP},
	Keywords = {business, erp},
	Title = {SAP ERP},
	Url = {https://www.sap.com/spain/products/enterprise-management-erp.html},
	Year = {2021}}

@misc{odooWebpage,
	Author = {Odoo},
	Keywords = {business, erp, opensource},
	Title = {Odoo Erp y Crm},
	Url = {https://www.odoo.com/es_ES/},
	Year = {2021},
}

@misc{ec2AWS,
	Author = {EC2-AWS},
	Keywords = {cloud, computing, aws},
	Title = {Amazon EC2},
	Url = {https://aws.amazon.com/es/ec2/},
	Year = {2021},
}

@misc{techSurveyStackOverflow,
	Author = {Tech-survey-StackOverflow},
	Keywords = {tech, survey, stackoverflow},
	Title = {Stack Overflow Developer Survey 2020},
	Url = {https://insights.stackoverflow.com/survey/2020#technology-programming-scripting-and-markup-languages},
	Year = {2020},
}

@misc{braventAgile,
	Author = {Bravent},
	Keywords = {bravent, agile},
	Title = {Bravent beneficios metodologías ágiles},
	Url = {https://www.bravent.net/beneficios-de-las-metodologias-agiles/},
	Year = {2019},
}

@misc{SOLID,
	Author = {Óscar Blancarte},
	Keywords = {development},
	Title = {Principios SOLID y patrones de diseño},
	Url = {https://www.oscarblancarteblog.com/2018/08/15/principios-solid-patrones-diseno/},
	Year = {2018},
}

@misc{BACKEND,
	Author = {Diego Maroto},
	Keywords = {development},
	Title = {Backend proyecto},
	Url = {https://economato-social-api.herokuapp.com/},
	Year = {2021},
}

@misc{FRONTEND,
	Author = {Diego Maroto},
	Keywords = {development},
	Title = {Frontend del proyecto},
	Url = {https://economato-social.herokuapp.com},
	Year = {2021},
}

@misc{REPOSITORIO,
	Author = {Diego Maroto},
	Keywords = {development},
	Title = {Repositorio Github del proyecto},
	Url = {https://github.com/DiegoMGar/TFG},
	Year = {2021},
}

@misc{VIDEOTUTORIALES,
	Author = {Diego Maroto},
	Keywords = {development},
	Title = {Vídeo-tutoriales resumiendo funcionalidades},
	Url = {https://drive.google.com/drive/folders/1pv-6iishQkM29StiSHUyY74lWEVx0t6q},
	Year = {2021},
}